@article{example,
author = {example, ex. and others},
title = {example},
journal = {example},
year = 0,
volume = {0},
pages = {0}
doi = {example}
}


@article{Detectors for Dark Matter search (Review),
author = {Akimov, D},
title = {Detectors for Dark Matter search (Review)},
journal = {Nucl. Instrum. Meth. A.},
year = 2009,
volume = {598},
pages = {275}
}

@article{Advances in Cryogenic Avalanche Detectors,
author = {Buzulutskov, A.},
title = {Advances in Cryogenic Avalanche Detectors},
journal = {J. of Instrumentation},
year = 2012,
volume = {7},
pages = {C02025}
doi = {10.1088/1748-0221/7/02/C02025}
}

@article{NobleRev,
author = {Chepel, V and Araujo, H},
title = {Liquid Noble Gas Detectors for Low Energy Particle Physics},
journal = {J. of Instrumentation},
year = 2013,
volume = {8},
pages = {R04001},
doi = {10.1088/1748-0221/8/04/R04001}
}

@article{Joshi,
author = {Joshi, T.H. and others},
title = {First Measurement of the Ionization Yield of Nuclear Recoils in Liquid Argon},
journal = {Phys. Rev. Lett.},
year = 2014,
volume = {112},
pages = {171303},
doi = {10.1103/PhysRevLett.112.171303}
}

@article{Lenardo,
author = {Lenardo, B. and others},
title = {A Global Analysis of Light and Charge Yields in Liquid Xenon},
journal = {IEEE Trans. Nucl. Sci.},
year = 2015,
volume = {62},
number = {6},
pages = {3387}
doi = {10.1109/TNS.2015.2481322}
}
